<?xml version="1.0" encoding="UTF-8"?><record xmlns="http://www.loc.gov/MARC21/slim" xmlns:cinclude="http://apache.org/cocoon/include/1.0" xmlns:zs="http://www.loc.gov/zing/srw/">
  <leader>00719cz  a2200193n  4500</leader>
  <controlfield tag="001">n  84032023 </controlfield>
  <controlfield tag="003">DLC</controlfield>
  <controlfield tag="005">20130316082304.0</controlfield>
  <controlfield tag="008">840525n| azannaabn          |a aaa      </controlfield>
  <datafield tag="010" ind1=" " ind2=" ">
    <subfield code="a">n  84032023 </subfield>
  </datafield>
  <datafield tag="035" ind1=" " ind2=" ">
    <subfield code="a">(OCoLC)oca01135146</subfield>
  </datafield>
  <datafield tag="040" ind1=" " ind2=" ">
    <subfield code="a">DLC</subfield>
    <subfield code="b">eng</subfield>
    <subfield code="e">rda</subfield>
    <subfield code="c">DLC</subfield>
    <subfield code="d">DLC</subfield>
    <subfield code="d">OCoLC</subfield>
    <subfield code="d">DLC</subfield>
  </datafield>
  <datafield tag="046" ind1=" " ind2=" ">
    <subfield code="f">1836</subfield>
  </datafield>
  <datafield tag="100" ind1="1" ind2=" ">
    <subfield code="a">Davis, William W.</subfield>
    <subfield code="q">(William White),</subfield>
    <subfield code="d">1836-</subfield>
  </datafield>
  <datafield tag="378" ind1=" " ind2=" ">
    <subfield code="q">William White</subfield>
  </datafield>
  <datafield tag="400" ind1="1" ind2=" ">
    <subfield code="a">Davis, W. W.</subfield>
    <subfield code="q">(William White),</subfield>
    <subfield code="d">1836-</subfield>
  </datafield>
  <datafield tag="400" ind1="1" ind2=" ">
    <subfield code="w">nnea</subfield>
    <subfield code="a">Davis, William W.</subfield>
    <subfield code="q">(William White),</subfield>
    <subfield code="d">b. 1836</subfield>
  </datafield>
  <datafield tag="670" ind1=" " ind2=" ">
    <subfield code="a">Onken, A.T. An everyname index to History of Whiteside County, Illinois by W.W. Davis, c1984:</subfield>
    <subfield code="b">t.p. (WW Davis) introd. (William W. Davis)</subfield>
  </datafield>
  <datafield tag="670" ind1=" " ind2=" ">
    <subfield code="a">NUC pre-56 imprints</subfield>
    <subfield code="b">(Davis, William White, b. 1836)</subfield>
  </datafield>
</record>